1@article{son2015composite,
  title={Is the composite fermion a Dirac particle?},
  author={Son, Dam Thanh},
  journal={Physical Review X},
  volume={5},
  number={3},
  pages={031027},
  year={2015},
  publisher={APS}
}
@article{peterson2014effects,
  title={Effects of Landau level mixing on the fractional quantum hall effect in monolayer graphene},
  author={Peterson, Michael R and Nayak, Chetan},
  journal={Physical review letters},
  volume={113},
  number={8},
  pages={086401},
  year={2014},
  publisher={APS}
}
@article{peterson2013more,
  title={More realistic Hamiltonians for the fractional quantum Hall regime in GaAs and graphene},
  author={Peterson, Michael R and Nayak, Chetan},
  journal={Physical Review B},
  volume={87},
  number={24},
  pages={245129},
  year={2013},
  publisher={APS}
}
@article{wen1992classification,
  title={Classification of Abelian quantum Hall states and matrix formulation of topological fluids},
  author={Wen, Xiao-gang and Zee, Anthony},
  journal={Physical Review B},
  volume={46},
  number={4},
  pages={2290},
  year={1992},
  publisher={APS}
}
@article{fu2007topological,
  title={Topological insulators with inversion symmetry},
  author={Fu, Liang and Kane, Charles L},
  journal={Physical Review B},
  volume={76},
  number={4},
  pages={045302},
  year={2007},
  publisher={APS}
}
@article{neto2009electronic,
  title={The electronic properties of graphene},
  author={Neto, AH Castro and Guinea, Francisco and Peres, Nuno MR and Novoselov, Kostya S and Geim, Andre K},
  journal={Reviews of modern physics},
  volume={81},
  number={1},
  pages={109},
  year={2009},
  publisher={APS}
}
@article{gusynin2005unconventional,
  title={Unconventional integer quantum Hall effect in graphene},
  author={Gusynin, VP and Sharapov, SG},
  journal={Physical review letters},
  volume={95},
  number={14},
  pages={146801},
  year={2005},
  publisher={APS}
}
@article{herbut2007theory,
  title={Theory of integer quantum Hall effect in graphene},
  author={Herbut, Igor F},
  journal={Physical Review B},
  volume={75},
  number={16},
  pages={165411},
  year={2007},
  publisher={APS}
}
@article{castro2017pseudomagnetic,
  title={Pseudomagnetic field in curved graphene},
  author={Castro-Villarreal, Pavel and Ruiz-S{\'a}nchez, R},
  journal={Physical Review B},
  volume={95},
  number={12},
  pages={125432},
  year={2017},
  publisher={APS}
}
@article{frassdorf2018abelian,
  title={Abelian Chern-Simons theory for the fractional quantum Hall effect in graphene},
  author={Fr{\"a}{\ss}dorf, Christian},
  journal={Physical Review B},
  volume={97},
  number={11},
  pages={115123},
  year={2018},
  publisher={APS}
}
@article{pyatkovskiy2011dynamical,
  title={Dynamical polarization of graphene in a magnetic field},
  author={Pyatkovskiy, PK and Gusynin, VP},
  journal={Physical Review B},
  volume={83},
  number={7},
  pages={075422},
  year={2011},
  publisher={APS}
}
@article{modak2011fermionic,
  title={Fermionic Chern-Simons theory of SU (4) fractional quantum Hall effect},
  author={Modak, Sanhita and Mandal, Sudhansu S and Sengupta, K},
  journal={Physical Review B},
  volume={84},
  number={16},
  pages={165118},
  year={2011},
  publisher={APS}
}
@article{du1993experimental,
  title={Experimental evidence for new particles in the fractional quantum Hall effect},
  author={Du, RR and Stormer, HL and Tsui, DC and Pfeiffer, LN and West, KW},
  journal={Physical review letters},
  volume={70},
  number={19},
  pages={2944},
  year={1993},
  publisher={APS}
}
@article{apalkov2006fractional,
  title={Fractional quantum Hall states of Dirac electrons in graphene},
  author={Apalkov, Vadim M and Chakraborty, Tapash},
  journal={Physical review letters},
  volume={97},
  number={12},
  pages={126801},
  year={2006},
  publisher={APS}
}
@article{suen1992observation,
  title={Observation of a $\nu$= 1/2 fractional quantum Hall state in a double-layer electron system},
  author={Suen, YW and Engel, LW and Santos, MB and Shayegan, M and Tsui, DC},
  journal={Physical review letters},
  volume={68},
  number={9},
  pages={1379},
  year={1992},
  publisher={APS}
}
@article{morf1998transition,
  title={Transition from quantum Hall to compressible states in the second Landau level: new light on the $\nu$= 5/2 enigma},
  author={Morf, Rudolf H},
  journal={Physical review letters},
  volume={80},
  number={7},
  pages={1505},
  year={1998},
  publisher={APS}
}
@article{read2000paired,
  title={Paired states of fermions in two dimensions with breaking of parity and time-reversal symmetries and the fractional quantum Hall effect},
  author={Read, Nicholas and Green, Dmitry},
  journal={Physical Review B},
  volume={61},
  number={15},
  pages={10267},
  year={2000},
  publisher={APS}
}
@article{haldane1988spin,
  title={Spin-singlet wave function for the half-integral quantum Hall effect},
  author={Haldane, FDM and Rezayi, EH},
  journal={Physical review letters},
  volume={60},
  number={10},
  pages={956},
  year={1988},
  publisher={APS}
}
@article{ki2014observation,
  title={Observation of even denominator fractional quantum Hall effect in suspended bilayer graphene},
  author={Ki, Dong-Keun and Fal’ko, Vladimir I and Abanin, Dmitry A and Morpurgo, Alberto F},
  journal={Nano letters},
  volume={14},
  number={4},
  pages={2135--2139},
  year={2014},
  publisher={ACS Publications}
}
@article{dean2010boron,
  title={Boron nitride substrates for high-quality graphene electronics},
  author={Dean, Cory R and Young, Andrea F and Meric, Inanc and Lee, Chris and Wang, Lei and Sorgenfrei, Sebastian and Watanabe, Kenji and Taniguchi, Takashi and Kim, Phillip and Shepard, Kenneth L and others},
  journal={Nature nanotechnology},
  volume={5},
  number={10},
  pages={722},
  year={2010},
  publisher={Nature Publishing Group}
}
@article{dean2011multicomponent,
  title={Multicomponent fractional quantum Hall effect in graphene},
  author={Dean, CR and Young, AF and Cadden-Zimansky, Pet and Wang, L and Ren, H and Watanabe, K and Taniguchi, T and Kim, P and Hone, J and Shepard, KL},
  journal={Nature Physics},
  volume={7},
  number={9},
  pages={693},
  year={2011},
  publisher={Nature Publishing Group}
}
@article{du2009fractional,
  title={Fractional quantum Hall effect and insulating phase of Dirac electrons in graphene},
  author={Du, Xu and Skachko, Ivan and Duerr, Fabian and Luican, Adina and Andrei, Eva Y},
  journal={Nature},
  volume={462},
  number={7270},
  pages={192},
  year={2009},
  publisher={Nature Publishing Group}
}
@article{moore1991nonabelions,
  title={Nonabelions in the fractional quantum Hall effect},
  author={Moore, Gregory and Read, Nicholas},
  journal={Nuclear Physics B},
  volume={360},
  number={2-3},
  pages={362--396},
  year={1991},
  publisher={Elsevier}
}
@article{laughlin1983anomalous,
  title={Anomalous quantum Hall effect: an incompressible quantum fluid with fractionally charged excitations},
  author={Laughlin, Robert B},
  journal={Physical Review Letters},
  volume={50},
  number={18},
  pages={1395},
  year={1983},
  publisher={APS}
}
@article{sarma2011electronic,
  title={Electronic transport in two-dimensional graphene},
  author={Sarma, S Das and Adam, Shaffique and Hwang, EH and Rossi, Enrico},
  journal={Reviews of Modern Physics},
  volume={83},
  number={2},
  pages={407},
  year={2011},
  publisher={APS}
}
@article{zhang2005experimental,
  title={Experimental observation of the quantum Hall effect and Berry's phase in graphene},
  author={Zhang, Yuanbo and Tan, Yan-Wen and Stormer, Horst L and Kim, Philip},
  journal={nature},
  volume={438},
  number={7065},
  pages={201},
  year={2005},
  publisher={Nature Publishing Group}
}
@article{stormer1999fractional,
  title={The fractional quantum Hall effect},
  author={Stormer, Horst L and Tsui, Daniel C and Gossard, Arthur C},
  journal={Reviews of Modern Physics},
  volume={71},
  number={2},
  pages={S298},
  year={1999},
  publisher={APS}
}
@book{comtet2000aspects,
  title={Aspects topologiques de la physique en basse dimension. Topological aspects of low dimensional systems},
  author={Comtet, Alain and Jolicoeur, T and Ouvry, S and David, F},
  volume={69},
  year={2000},
  publisher={Springer Science \& Business Media}
}
@article{klitzing1980new,
  title={New method for high-accuracy determination of the fine-structure constant based on quantized Hall resistance},
  author={Von Klitzing, K and Dorda, Gerhard and Pepper, Michael},
  journal={Physical Review Letters},
  volume={45},
  number={6},
  pages={494},
  year={1980},
  publisher={APS}
}
@article{von1986quantized,
  title={The quantized Hall effect},
  author={Von Klitzing, Klaus},
  journal={Reviews of Modern Physics},
  volume={58},
  number={3},
  pages={519},
  year={1986},
  publisher={APS}
}
@article{fradkin1993wave,
  title={Wave functionals for field theories and path integrals},
  author={Fradkin, Eduardo},
  journal={Nuclear Physics B},
  volume={389},
  number={3},
  pages={587--600},
  year={1993},
  publisher={Elsevier}
}
@article{stern1995singularities,
  title={Singularities in the Fermi-liquid description of a partially filled Landau level and the energy gaps of fractional quantum Hall states},
  author={Stern, Ady and Halperin, Bertrand I},
  journal={Physical Review B},
  volume={52},
  number={8},
  pages={5890},
  year={1995},
  publisher={APS}
}
@article{chen1989anyon,
  title={On anyon superconductivity},
  author={Chen, Yi-Hong and Wilczek, Frank and Witten, Edward and Halperin, Bertrand I},
  journal={International Journal of Modern Physics B},
  volume={3},
  number={07},
  pages={1001--1067},
  year={1989},
  publisher={World Scientific}
}
@book{wilczek1990fractional,
  title={Fractional statistics and anyon superconductivity},
  author={Wilczek, Frank},
  volume={5},
  year={1990},
  publisher={World scientific}
}
@article{zhang1989effective,
  title={Effective-field-theory model for the fractional quantum Hall effect},
  author={Zhang, S C\_ and Hansson, Th H and Kivelson, S},
  journal={Physical review letters},
  volume={62},
  number={1},
  pages={82},
  year={1989},
  publisher={APS}
}
@article{jain1989composite,
  title={Composite-fermion approach for the fractional quantum Hall effect},
  author={Jain, Jainendra K},
  journal={Physical review letters},
  volume={63},
  number={2},
  pages={199},
  year={1989},
  publisher={APS}
}
@article{nomura2006quantum,
  title={Quantum Hall ferromagnetism in graphene},
  author={Nomura, Kentaro and MacDonald, Allan H},
  journal={Physical Review Letters},
  volume={96},
  number={25},
  pages={256602},
  year={2006},
  publisher={APS}
}
@article{goerbig2006electron,
  title={Electron interactions in graphene in a strong magnetic field},
  author={Goerbig, Mark O and Moessner, Roderich and Dou{\c{c}}ot, Beno{\^\i}t},
  journal={Physical Review B},
  volume={74},
  number={16},
  pages={161407},
  year={2006},
  publisher={APS}
}
@incollection{simon1998chern,
  title={The Chern-Simons Fermi liquid description of fractional quantum Hall states},
  author={Simon, Steven H},
  booktitle={Composite Fermions: A Unified View of the Quantum Hall Regime},
  pages={91--194},
  year={1998},
  publisher={World Scientific}
}
@article{bolotin2009observation,
  title={Observation of the fractional quantum Hall effect in graphene},
  author={Bolotin, Kirill I and Ghahari, Fereshte and Shulman, Michael D and Stormer, Horst L and Kim, Philip},
  journal={Nature},
  volume={462},
  number={7270},
  pages={196},
  year={2009},
  publisher={Nature Publishing Group}
}
@article{tsui1982two,
  title={Two-dimensional magnetotransport in the extreme quantum limit},
  author={Tsui, Daniel C and Stormer, Horst L and Gossard, Arthur C},
  journal={Physical Review Letters},
  volume={48},
  number={22},
  pages={1559},
  year={1982},
  publisher={APS}
}
@article{tHoke20074,
  title={SU (4) composite fermions in graphene: Fractional quantum Hall states without analog in GaAs},
  author={T{\H{o}}ke, Csaba and Jain, Jainendra K},
  journal={Physical Review B},
  volume={75},
  number={24},
  pages={245440},
  year={2007},
  publisher={APS}
}
@article{tHoke2006fractional,
  title={Fractional quantum Hall effect in graphene},
  author={T{\H{o}}ke, Csaba and Lammert, Paul E and Crespi, Vincent H and Jain, Jainendra K},
  journal={Physical Review B},
  volume={74},
  number={23},
  pages={235417},
  year={2006},
  publisher={APS}
}
@book{abrikosov2012methods,
  title={Methods of Quantum Field Theory in Statistical Physics},
  author={Abrikosov, Alekseui Alekseevich and Gorkov, Lev Petrovich and Dzyaloshinski, Igor Ekhielevich},
  year={2012},
  publisher={Courier Corporation}
}
@article{rajaraman1997generalized,
  title={Generalized Chern-Simons theory of composite fermions in bilayer Hall systems},
  author={Rajaraman, R},
  journal={Physical Review B},
  volume={56},
  number={11},
  pages={6788},
  year={1997},
  publisher={APS}
}
@article{sheehy2007quantum,
  title={Quantum critical scaling in graphene},
  author={Sheehy, Daniel E and Schmalian, J{\"o}rg},
  journal={Physical Review Letters},
  volume={99},
  number={22},
  pages={226803},
  year={2007},
  publisher={APS}
}
@article{bernevig2006quantum,
  title={Quantum spin Hall effect},
  author={Bernevig, B Andrei and Zhang, Shou-Cheng},
  journal={Physical Review Letters},
  volume={96},
  number={10},
  pages={106802},
  year={2006},
  publisher={APS}
}
@article{ni2008uniaxial,
  title={Uniaxial strain on graphene: Raman spectroscopy study and band-gap opening},
  author={Ni, Zhen Hua and Yu, Ting and Lu, Yun Hao and Wang, Ying Ying and Feng, Yuan Ping and Shen, Ze Xiang},
  journal={ACS nano},
  volume={2},
  number={11},
  pages={2301--2305},
  year={2008},
  publisher={ACS Publications}
}
@article{farjam2009comment,
  title={Comment on “Band structure engineering of graphene by strain: First-principles calculations”},
  author={Farjam, M and Rafii-Tabar, H},
  journal={Physical Review B},
  volume={80},
  number={16},
  pages={167401},
  year={2009},
  publisher={APS}
}
@article{verbiest2015uniformity,
  title={Uniformity of the pseudomagnetic field in strained graphene},
  author={Verbiest, GJ and Brinker, S and Stampfer, C},
  journal={Physical Review B},
  volume={92},
  number={7},
  pages={075417},
  year={2015},
  publisher={APS}
}
@article{manes2007symmetry,
  title={Symmetry-based approach to electron-phonon interactions in graphene},
  author={Manes, Juan L},
  journal={Physical Review B},
  volume={76},
  number={4},
  pages={045430},
  year={2007},
  publisher={APS}
}
@article{goerbig2011electronic,
  title={Electronic properties of graphene in a strong magnetic field},
  author={Goerbig, MO},
  journal={Reviews of Modern Physics},
  volume={83},
  number={4},
  pages={1193},
  year={2011},
  publisher={APS}
}
@article{guinea2010energy,
  title={Energy gaps and a zero-field quantum Hall effect in graphene by strain engineering},
  author={Guinea, Francisco and Katsnelson, MI and Geim, AK},
  journal={Nature Physics},
  volume={6},
  number={1},
  pages={30},
  year={2010},
  publisher={Nature Publishing Group}
}
@article{mandal1996theory,
  title={Theory of arbitrarily polarized quantum hall states: Filling fractions and wave functions},
  author={Mandal, Sudhansu S and Ravishankar, V},
  journal={Physical Review B},
  volume={54},
  number={12},
  pages={8688},
  year={1996},
  publisher={APS}
}
@article{lopez1991fractional,
  title={Fractional quantum Hall effect and Chern-Simons gauge theories},
  author={Lopez, Ana and Fradkin, Eduardo},
  journal={Physical Review B},
  volume={44},
  number={10},
  pages={5246},
  year={1991},
  publisher={APS}
}
@article{lopez1995fermionic,
  title={Fermionic Chern-Simons theory for the fractional quantum Hall effect in bilayers},
  author={Lopez, Ana and Fradkin, Eduardo},
  journal={Physical Review B},
  volume={51},
  number={7},
  pages={4347},
  year={1995},
  publisher={APS}
}
@article{kohn1961cyclotron,
  title={Cyclotron resonance and de Haas-van Alphen oscillations of an interacting electron gas},
  author={Kohn, Walter},
  journal={Physical Review},
  volume={123},
  number={4},
  pages={1242},
  year={1961},
  publisher={APS}
}

@article{mihaila2011lindhard,
  title={Lindhard function of a d-dimensional Fermi gas},
  author={Mihaila, Bogdan},
  journal={arXiv preprint arXiv:1111.5337},
  year={2011}
}
@article{Stern1967Polarizability,
  title={Polarizability of a Two-Dimensional Electron Gas},
  author={Stern, Frank},
  journal={Physical Review Letters},
  volume={18},
  number={14},
  pages={546-548},
  year={1967},
}
@book{Fradkin2013Field,
  title={Field Theories of Condensed Matter Physics},
  author={Fradkin, Eduardo},
  year={2013},
  publisher={Cambridge University Press}
}
@article{Halperin1995Theory,
  title={Theory of the half-filled Landau level},
  author={Halperin, B. I. and Lee, P. A. and Read, N},
  journal={Physical Review B},
  volume={47},
  number={12},
  pages={7312},
  year={1995},
}
@article{Stratonovich1957On,
  title={On a Method of Calculating Quantum Distribution Functions},
  author={Stratonovich, R. L},
  journal={Soviet Physics Doklady},
  volume={2},
  pages={416},
  year={1957},
}
@article{hubbard1959calculation,
  title={Calculation of partition functions},
  author={Hubbard, J},
  journal={Physical Review Letters},
  volume={3},
  number={2},
  pages={77},
  year={1959},
  publisher={APS}
}
@book{altland2010condensed,
  title={Condensed Matter Field Theory},
  author={Altland, Alexander and Simons, Ben D},
  year={2010},
  publisher={Cambridge University Press}
}
@book{Wen-QFT,
  title={Quantum field theory of many-body systems: from the origin of sound to an origin of light and electrons},
  author={Wen, Xiao-Gang},
  year={2004},
  publisher={Oxford University Press}
}
@book{nagaosa2013quantum,
  title={Quantum Field Theory in Condensed Matter physics},
  author={Nagaosa, Naoto},
  year={2013},
  publisher={Springer Science \& Business Media}
}
@book{nagaosa1999quantum,
  title={Quantum Field Theory in Strongly Correlated Electronic Systems},
  author={Nagaosa, Naoto},
  year={1999},
  publisher={Springer Science \& Business Media}
}




@book{sadovskii2006diagrammatics,
  title={Diagrammatics: lectures on selected problems in condensed matter theory},
  author={Sadovskii, Michael V},
  year={2006},
  publisher={World Scientific}
}
@book{mahan2013many,
  title={Many-particle physics},
  author={Mahan, Gerald D},
  year={2013},
  publisher={Springer Science \& Business Media}
}
@book{abrikosov2012methods,
  title={Methods of quantum field theory in statistical physics},
  author={Abrikosov, Alexei Alexeevich and Gorkov, Lev Petrovich and Dzyaloshinski, Igor Ekhielevich},
  year={2012},
  publisher={Courier Corporation}
}
@book{lifshitz2013statistical,
  title={Statistical physics: theory of the condensed state},
  author={Lifshitz, Evgenii Mikhailovich and Pitaevskii, Lev Petrovich},
  volume={9},
  year={2013},
  publisher={Elsevier}
}
@book{李正中2002固体理论,
  title={固体理论},
  author={李正中 and others},
  year={2002},
  publisher={高等敎育出版社}
}
@book{phillips2012advanced,
  title={Advanced solid state physics},
  author={Phillips, Philip},
  year={2012},
  publisher={Cambridge University Press}
}
@book{rammer2007quantum,
  title={Quantum field theory of non-equilibrium states},
  author={Rammer, J{\o}rgen},
  year={2007},
  publisher={Cambridge University Press}
}
@book{nolting2009fundamentals,
  title={Fundamentals of Many-body Physics},
  author={Nolting, Wolfgang},
  year={2009},
  publisher={Springer}
}

@book{coleman2015introduction,
  title={Introduction to many-body physics},
  author={Coleman, Piers},
  year={2015},
  publisher={Cambridge University Press}
}
%%% 凝聚态场论/量子多体理论 %%%



@book{haykin2009neural,
  title={Neural networks and learning machines},
  author={Haykin, Simon S},
  volume={3},
  year={2009},
  publisher={Pearson Upper Saddle River, NJ, USA:}
}
@book{peskin1995introduction,
  title={An Introduction to Quantum Field Theory},
  author={Peskin, Michael Edward},
  year={1995},
  publisher={Westview press}
}
@article{Wilson-Renormalization&Critical,
  title={The renormalization group and critical phenomena},
  author={Wilson, Kenneth G},
  journal={Reviews of Modern Physics},
  volume={55},
  number={3},
  pages={583},
  year={1983},
  publisher={APS}
}
@book{goodfellow2016deep,
  title={Deep learning},
  author={Goodfellow, Ian and Bengio, Yoshua and Courville, Aaron},
  year={2016},
  publisher={MIT press}
}
@article{carrasquilla2017machine,
  title={Machine learning phases of matter},
  author={Carrasquilla, Juan and Melko, Roger G},
  journal={Nature Physics},
  year={2017},
  publisher={Nature Research}
}
@book{nakahara2003geometry,
  title={Geometry, topology and physics},
  author={Nakahara, Mikio},
  year={2003},
  publisher={CRC Press}
}
@book{phillips2012advanced,
  title={Advanced solid state physics},
  author={Phillips, Philip},
  year={2012},
  publisher={Cambridge University Press}
}
@article{tong2016lectures,
  title={Lectures on the quantum Hall effect},
  author={Tong, David},
  journal={arXiv preprint arXiv:1606.06687},
  year={2016}
}
@article{marino2014lectures,
  title={Lectures on non-perturbative effects in large N gauge theories, matrix models and strings},
  author={Marino, Marcos},
  journal={Fortschritte der Physik},
  volume={62},
  number={5-6},
  pages={455--540},
  year={2014},
  publisher={Wiley Online Library}
}
@article{kong2014anyon,
  title={Anyon condensation and tensor categories},
  author={Kong, Liang},
  journal={Nuclear Physics B},
  volume={886},
  pages={436--482},
  year={2014},
  publisher={Elsevier}
}
@book{kardar2007particle,
  title={Statistical physics of particles},
  author={Kardar, Mehran},
  year={2007},
  publisher={Cambridge University Press}
}
@article{why-deep&cheap,
  title={Why does deep and cheap learning work so well?},
  author={Lin, Henry W and Tegmark, Max and Rolnick, David},
  journal={Journal of Statistical Physics},
  volume={168},
  number={6},
  pages={1223--1247},
  year={2017},
  publisher={Springer}
}
@article{RG-and-RBM,
  title={An exact mapping between the variational renormalization group and deep learning},
  author={Mehta, Pankaj and Schwab, David J},
  journal={arXiv preprint arXiv:1410.3831},
  year={2014}
}
@article{top,
  title={Exact machine learning topological states},
  author={Deng, Dong-Ling and Li, Xiaopeng and Sarma, S Das},
  journal={arXiv preprint arXiv:1609.09060},
  year={2016}
}
@article{tensor-network,
  title={Supervised learning with quantum-inspired tensor networks},
  author={Stoudenmire, E Miles and Schwab, David J},
  journal={arXiv preprint arXiv:1605.05775},
  year={2016}
}
@book{Kardar-fields,
  title={Statistical physics of fields},
  author={Kardar, Mehran},
  year={2007},
  publisher={Cambridge University Press}
}
@book{Wen-QFT,
  title={Quantum field theory of many-body systems: from the origin of sound to an origin of light and electrons},
  author={Wen, Xiao-Gang},
  year={2004},
  publisher={Oxford University Press on Demand}
}
@book{Huichuan-Shen-统计力学,
  title={Statistical Mechanics},
  author={Shen, Hui-Chuan},
  year={2011},
  publisher={USTC Press}
}
@book{JunJie-Shi-固体量子场论,
  title={Solid State Quantum Fields Theory},
  author={Shi, Jun-Jie and Liu, Zi-Xin and Liu, Yu-Fang},
  year={2015},
  publisher={Science Press}
}
@article{Kitaev-topological entanglement entropy,
  title={Topological entanglement entropy},
  author={Kitaev, Alexei and Preskill, John},
  journal={Physical review letters},
  volume={96},
  number={11},
  pages={110404},
  year={2006},
  publisher={APS}
}
@book{Francesco-CFT,
  title={Conformal field theory},
  author={Francesco, Philippe and Mathieu, Pierre and S{\'e}n{\'e}chal, David},
  year={2012},
  publisher={Springer Science \& Business Media}
}